<?xml version="1.0" encoding="UTF-8"?>
<record xmlns="http://www.loc.gov/MARC21/slim">
   <leader>01372cam a2200337 a 4500</leader>
   <controlfield tag="001">1110454</controlfield>
   <controlfield tag="003">NjP</controlfield>
   <controlfield tag="005">20190705143313.0</controlfield>
   <controlfield tag="008">970115q19401949le            000 0 ara d</controlfield>
   <datafield tag="024" ind1="7" ind2=" ">
      <subfield code="a">princeton_aco003753</subfield>
      <subfield code="2">local</subfield>
   </datafield>
   <datafield ind1=" " ind2=" " tag="040">
      <subfield code="a">NjP</subfield>
      <subfield code="c">PUL</subfield>
      <subfield code="d">PUL</subfield>
   </datafield>
   <datafield ind1=" " ind2=" " tag="035">
      <subfield code="a">(CStRLIN)NJPG97-B3275</subfield>
   </datafield>
   <datafield ind1=" " ind2=" " tag="035">
      <subfield code="9">CCK4548TS</subfield>
   </datafield>
   <datafield ind1=" " ind2=" " tag="035">
      <subfield code="a">(NjP)1110454</subfield>
   </datafield>
   <datafield ind1=" " ind2=" " tag="043">
      <subfield code="a">aw-----</subfield>
   </datafield>
   <datafield ind1=" " ind2=" " tag="049">
      <subfield code="a">PULL</subfield>
   </datafield>
   <datafield ind1=" " ind2=" " tag="035">
      <subfield code="a">(OCoLC)ocm36264838</subfield>
   </datafield>
   <datafield ind1="0" ind2="0" tag="245">
      <subfield code="6">880-01</subfield>
      <subfield code="a">ʻAdad khāṣṣ bi-al-aḥzāb al-siyāsīyah fī al-bilād al-ʻArabīyah.</subfield>
   </datafield>
   <datafield ind1="3" ind2="0" tag="246">
      <subfield code="6">880-02</subfield>
      <subfield code="a">Aḥzāb al-siyāsīyah fī al-bilād al-ʻArabīyah</subfield>
   </datafield>
   <datafield ind1=" " ind2=" " tag="260">
      <subfield code="6">880-03</subfield>
      <subfield code="a">[Beirut] :</subfield>
      <subfield code="b">Jamʻīyat al-ʻUrwah al-Wuthqá fī al-Jāmiʻah al-Amīrikīyah fī Bayrūt,</subfield>
      <subfield code="c">[194-?]</subfield>
   </datafield>
   <datafield ind1=" " ind2=" " tag="300">
      <subfield code="a">99 p. ;</subfield>
      <subfield code="c">23 cm.</subfield>
   </datafield>
   <datafield ind1=" " ind2=" " tag="500">
      <subfield code="a">Special no. of al-ʻUrwah.</subfield>
   </datafield>
   <datafield ind1=" " ind2="0" tag="650">
      <subfield code="a">Political parties</subfield>
      <subfield code="z">Arab countries.</subfield>
   </datafield>
   <datafield ind1="0" ind2=" " tag="730">
      <subfield code="a">ʻUrwah.</subfield>
      <subfield code="p">Special no.</subfield>
   </datafield>
   <datafield ind1="0" ind2="0" tag="880">
      <subfield code="6">245-01/r</subfield>
      <subfield code="a">عدد خاص بالاحزاب السياسية في البلاد العربية.</subfield>
   </datafield>
   <datafield ind1="3" ind2="0" tag="880">
      <subfield code="6">246-02/r</subfield>
      <subfield code="a">احزاب السياسية في البلاد العربية</subfield>
   </datafield>
   <datafield ind1=" " ind2=" " tag="880">
      <subfield code="6">260-03/r</subfield>
      <subfield code="a">[بيروت] :</subfield>
      <subfield code="b">جمعية العروة الوثقى في الجامعة الاميركية في بيروت،</subfield>
      <subfield code="c">[194-؟]</subfield>
   </datafield>
   <datafield ind1=" " ind2=" " tag="998">
      <subfield code="a">01/15/97</subfield>
      <subfield code="s">9114</subfield>
      <subfield code="n">NjP</subfield>
      <subfield code="d">01/15/97</subfield>
      <subfield code="c">JEB</subfield>
      <subfield code="b">JEB</subfield>
      <subfield code="i">970115</subfield>
      <subfield code="l">NJPG</subfield>
   </datafield>
   <datafield ind1=" " ind2=" " tag="911">
      <subfield code="a">19970123</subfield>
   </datafield>
   <datafield ind1=" " ind2=" " tag="912">
      <subfield code="a">19970115000000.0</subfield>
   </datafield>
   <datafield ind1=" " ind2=" " tag="994">
      <subfield code="a">C0</subfield>
      <subfield code="b">PUL</subfield>
   </datafield>
   <datafield ind1=" " ind2=" " tag="999">
      <subfield code="a">1110454</subfield>
   </datafield>
   <datafield ind1=" " ind2=" " tag="979">
      <subfield code="a">(OCoLC)ocn176506450</subfield>
   </datafield>
   <datafield ind1="0" ind2="0" tag="852">
      <subfield code="0">1275410</subfield>
      <subfield code="b">rcppa</subfield>
      <subfield code="t">1</subfield>
      <subfield code="h">JQ1850</subfield>
      <subfield code="i">.A322 1940z</subfield>
      <subfield code="x">tr fr arab</subfield>
   </datafield>
   <datafield ind1=" " ind2=" " tag="959">
      <subfield code="a">2000-06-13 00:00:00 -0400</subfield>
   </datafield>
</record>
